@incollection{NIPS2002_2164,
title = {Distance Metric Learning with Application to Clustering with Side-Information},
author = {Eric P. Xing and Michael I. Jordan and Russell, Stuart J and Andrew Y. Ng},
booktitle = {Advances in Neural Information Processing Systems 15},
editor = {S. Becker and S. Thrun and K. Obermayer},
pages = {521--528},
year = {2003},
publisher = {MIT Press},
url = {http://papers.nips.cc/paper/2164-distance-metric-learning-with-application-to-clustering-with-side-information.pdf}
}
